<record xmlns="http://www.loc.gov/MARC21/slim" xmlns:xsi="http://www.w3.org/2001/XMLSchema-instance" xsi:schemaLocation="http://www.loc.gov/MARC21/slim http://www.loc.gov/standards/marcxml/schema/MARC21slim.xsd"><leader>00589nz   2200181n  4500</leader><controlfield tag="001">oca03417004 </controlfield><controlfield tag="005">19930723075353.2</controlfield><controlfield tag="008">930720n| acannaab           |a aaa     c</controlfield><datafield ind1=" " ind2=" " tag="010"><subfield code="a">no 93021477 </subfield></datafield><datafield ind1=" " ind2=" " tag="040"><subfield code="a">InU</subfield><subfield code="c">InU</subfield></datafield><datafield ind1="0" ind2=" " tag="100"><subfield code="a">Antonius Diogenes</subfield></datafield><datafield ind1="1" ind2=" " tag="400"><subfield code="a">Diogenes, Antonius</subfield></datafield><datafield ind1="1" ind2=" " tag="400"><subfield code="a">Diogene, Antonio</subfield></datafield><datafield ind1="0" ind2=" " tag="400"><subfield code="a">Antonio Diogene</subfield></datafield><datafield ind1=" " ind2=" " tag="670"><subfield code="a">His Le incredibili avventure al di laÌ&#x80; di Tule, 1990:</subfield><subfield code="b">t.p. (Antonio Diogene)</subfield></datafield><datafield ind1=" " ind2=" " tag="670"><subfield code="a">Lex. der alten Welt, 1965</subfield><subfield code="b">(Antonius Diogenes; prob. 2nd cent. A.D.)</subfield></datafield><datafield ind1=" " ind2=" " tag="670"><subfield code="a">Bib. nat.</subfield><subfield code="b">(Antonius Diogenes)</subfield></datafield><datafield ind1=" " ind2=" " tag="670"><subfield code="a">BM</subfield><subfield code="b">(Diogenes, Antonius)</subfield></datafield></record>